<record><leader>00000cas a2200000 a 4500</leader><controlfield tag="001">32325682</controlfield><controlfield tag="007">hd bfu---baat</controlfield><controlfield tag="007">hd afu---bact</controlfield><controlfield tag="008">950418d19041904nbuwr nea     0    0eng d</controlfield><datafield ind1=" " ind2=" " tag="010"><subfield code="a">sn 95069480 </subfield></datafield><datafield ind1=" " ind2=" " tag="040"><subfield code="a">NVG</subfield><subfield code="b">eng</subfield><subfield code="c">NVG</subfield><subfield code="d">OCL</subfield><subfield code="d">OCLCQ</subfield><subfield code="d">OCLCF</subfield><subfield code="d">OCLCO</subfield></datafield><datafield ind1="1" ind2=" " tag="029"><subfield code="a">AU@</subfield><subfield code="b">000011677423</subfield></datafield><datafield ind1=" " ind2=" " tag="042"><subfield code="a">msc</subfield></datafield><datafield ind1=" " ind2=" " tag="043"><subfield code="a">n-us-nb</subfield></datafield><datafield ind1="0" ind2="0" tag="245"><subfield code="a">Nebraska blizzard-sun</subfield><subfield code="h">[microform].</subfield></datafield><datafield ind1="1" ind2="5" tag="246"><subfield code="a">Nebraska blizzard</subfield></datafield><datafield ind1=" " ind2=" " tag="260"><subfield code="a">Shelby, Neb. :</subfield><subfield code="b">[Huckins &amp; Clark],</subfield><subfield code="c">1904.</subfield></datafield><datafield ind1=" " ind2=" " tag="300"><subfield code="a">v.</subfield></datafield><datafield ind1=" " ind2=" " tag="310"><subfield code="a">Weekly</subfield></datafield><datafield ind1="1" ind2=" " tag="362"><subfield code="a">Began in 1904.</subfield></datafield><datafield ind1="0" ind2=" " tag="362"><subfield code="a">-14th year, no. 52 (Sept. 29, 1904).</subfield></datafield><datafield ind1=" " ind2=" " tag="580"><subfield code="a">Published in conjunction with: Nebraska blizzard.</subfield></datafield><datafield ind1=" " ind2=" " tag="588"><subfield code="a">Description based on: 14th year, no. 42 (July 14, 1904).</subfield></datafield><datafield ind1=" " ind2=" " tag="533"><subfield code="a">Microfilm.</subfield><subfield code="m">1904:[Lacks July 21 and Sept. 15-22]</subfield><subfield code="b">Lincoln, Neb. :</subfield><subfield code="c">Nebraska State Historical Society,</subfield><subfield code="d">1976.</subfield><subfield code="e">1 microfilm reel ; 35 mm.</subfield></datafield><datafield ind1=" " ind2="0" tag="651"><subfield code="a">Shelby (Neb.)</subfield><subfield code="v">Newspapers.</subfield></datafield><datafield ind1=" " ind2="0" tag="651"><subfield code="a">Polk County (Neb.)</subfield><subfield code="v">Newspapers.</subfield></datafield><datafield ind1=" " ind2="7" tag="655"><subfield code="a">Newspapers.</subfield><subfield code="2">fast</subfield><subfield code="0">(OCoLC)fst01423814</subfield></datafield><datafield ind1=" " ind2="7" tag="651"><subfield code="a">Nebraska</subfield><subfield code="z">Polk County.</subfield><subfield code="2">fast</subfield><subfield code="0">(OCoLC)fst01206420</subfield></datafield><datafield ind1=" " ind2="7" tag="651"><subfield code="a">Nebraska</subfield><subfield code="z">Shelby.</subfield><subfield code="2">fast</subfield><subfield code="0">(OCoLC)fst01276117</subfield></datafield><datafield ind1=" " ind2=" " tag="752"><subfield code="a">United States</subfield><subfield code="b">Nebraska</subfield><subfield code="c">Polk</subfield><subfield code="d">Shelby.</subfield></datafield><datafield ind1="0" ind2="0" tag="780"><subfield code="t">Shelby sun and Nebraska blizzard</subfield><subfield code="w">(DLC)sn 95069479</subfield></datafield><datafield ind1="0" ind2="0" tag="785"><subfield code="t">Shelby sun (Shelby, Neb. : 1904)</subfield><subfield code="w">(DLC)sn 95069481</subfield></datafield><datafield ind1="1" ind2=" " tag="787"><subfield code="t">Nebraska blizzard</subfield><subfield code="w">(DLC)sn 95069482</subfield></datafield></record>